<record><leader>00000cas a22000007a 4500</leader><controlfield tag="001">32197044</controlfield><controlfield tag="008">950324d18711873nbuwr ne      0    0eng d</controlfield><datafield ind1=" " ind2=" " tag="010"><subfield code="a">sn 95063977 </subfield></datafield><datafield ind1=" " ind2=" " tag="040"><subfield code="a">CNW</subfield><subfield code="b">eng</subfield><subfield code="c">CNW</subfield><subfield code="d">OCLCQ</subfield><subfield code="d">OCLCF</subfield><subfield code="d">OCLCO</subfield></datafield><datafield ind1="1" ind2=" " tag="029"><subfield code="a">AU@</subfield><subfield code="b">000024761123</subfield></datafield><datafield ind1=" " ind2=" " tag="042"><subfield code="a">msc</subfield></datafield><datafield ind1=" " ind2=" " tag="043"><subfield code="a">n-us-nb</subfield></datafield><datafield ind1="0" ind2="0" tag="245"><subfield code="a">Omaha weekly tribune and Republican.</subfield></datafield><datafield ind1="1" ind2="3" tag="246"><subfield code="a">Tribune and Republican</subfield></datafield><datafield ind1="1" ind2="3" tag="246"><subfield code="a">Tribune &amp; Republican</subfield></datafield><datafield ind1="1" ind2="7" tag="246"><subfield code="a">Omaha tribune and Republican</subfield></datafield><datafield ind1=" " ind2=" " tag="260"><subfield code="a">[Omaha, Neb.] :</subfield><subfield code="b">Tribune Print. Co.</subfield></datafield><datafield ind1=" " ind2=" " tag="300"><subfield code="a">v.</subfield></datafield><datafield ind1=" " ind2=" " tag="310"><subfield code="a">Weekly</subfield></datafield><datafield ind1="0" ind2=" " tag="362"><subfield code="a">Vol. 13, no. 13 (June 21, 1871)-v. 14, no. 41 (Jan. 4, 1873).</subfield></datafield><datafield ind1=" " ind2=" " tag="580"><subfield code="a">Daily ed.: Omaha Tribune and Republican.</subfield></datafield><datafield ind1=" " ind2="0" tag="651"><subfield code="a">Omaha (Neb.)</subfield><subfield code="v">Newspapers.</subfield></datafield><datafield ind1=" " ind2="7" tag="655"><subfield code="a">Newspapers.</subfield><subfield code="2">fast</subfield><subfield code="0">(OCoLC)fst01423814</subfield></datafield><datafield ind1=" " ind2="7" tag="651"><subfield code="a">Nebraska</subfield><subfield code="z">Omaha.</subfield><subfield code="2">fast</subfield><subfield code="0">(OCoLC)fst01204995</subfield></datafield><datafield ind1=" " ind2=" " tag="752"><subfield code="a">United States</subfield><subfield code="b">Nebraska</subfield><subfield code="c">Douglas</subfield><subfield code="d">Omaha.</subfield></datafield><datafield ind1="1" ind2=" " tag="775"><subfield code="t">Omaha tribune and Republican</subfield><subfield code="w">(DLC)sn 84020329</subfield><subfield code="w">(OCoLC)10600135</subfield></datafield><datafield ind1="0" ind2="4" tag="780"><subfield code="t">Omaha weekly tribune (Omaha, Neb. : 1870)</subfield></datafield><datafield ind1="0" ind2="4" tag="780"><subfield code="t">Omaha weekly Republican (Omaha, Neb. : 1867)</subfield><subfield code="w">(DLC)sn 95063976</subfield><subfield code="w">(OCoLC)32196831</subfield></datafield><datafield ind1="0" ind2="0" tag="785"><subfield code="t">Omaha weekly Republican (Omaha, Neb. : 1873)</subfield><subfield code="w">(DLC)sn 84022748</subfield><subfield code="w">(OCoLC)10564555</subfield></datafield></record>